<?xml version="1.0" encoding="UTF-8"?><collection xmlns="http://www.loc.gov/MARC21/slim"><record><leader>00398nam--2200133-i-4500</leader><controlfield tag="001">000039856</controlfield><controlfield tag="002">20161230</controlfield><controlfield tag="005">20161230201042</controlfield><controlfield tag="008">060222s1000------------r-----000-0-eng-d</controlfield><datafield ind1=" " ind2=" " tag="100"><subfield code="a">Roulleau, Maurice</subfield></datafield><datafield ind1=" " ind2=" " tag="245"><subfield code="a">Sensitometrie photographieque. preface de armand de gramont</subfield></datafield><datafield ind1=" " ind2=" " tag="260"><subfield code="a">Paris, Sdit, 1955, Iii + 194p.+ 1pl</subfield></datafield><datafield ind1=" " ind2=" " tag="490"><subfield code="a">Publication Scient.Et Techniques Du Min.De L`Air</subfield></datafield><datafield ind1=" " ind2=" " tag="852"><subfield code="a">11999</subfield></datafield></record></collection>